2793 3346
1390 151 1457 205 19

344 309 525 376 *Apud
579 307 854 362 Fabricium
908 322 978 359 est
1041 290 1210 359 cuius
1263 311 1386 360 feta
1447 272 1649 360 feri*s”
1626 311 1895 377 ”Libyae
1985 311 2084 361 Sed
2137 313 2452 366 Ruhnkenim

378 395 451 457 (1.·
446 411 506 443 c.
538 414 587 461 p
622 395 745 456 226.)
776 397 815 445 Ι
830 396 1079 462 Rutgersii
1106 395 1379 444 lectionem
1390 398 1578 462 probat,
1626 398 1713 462 qui
1743 397 1934 461 Libye
1964 399 2173 464 scripsit,
2213 399 2454 465 stagnen-

356 462 577 546 'tumque
608 479 670 528 ad
699 480 948 548 Apollonii
977 480 1495 531 }.1V.1562.refert.

672 581 935 654 Εὗρῦπυλον
962 569 1153 656 ,Λιβύῃ
1181 592 1535 658 θηροτρόφῳ
1565 595 1823 672 ἔγγεγαῶτα.

363 699 513 774 ‘Quae
545 714 712 779 opinio
744 729 855 761 sane
899 729 1001 762 non
1032 712 1361 779 improbabilis
1393 726 1500 768 est,—
1528 715 1622 763 nisi
1656 713 1778 763 forte
1819 713 2030 774 dubitas,
2078 731 2140 763 an
2179 732 2233 765 ex
2266 716 2461 783 Choro-¹

366 800 574 866 graphia
604 798 751 848 aliove
784 800 993 848 carmine
1023 799 1250 848 Van-onis
1281 799 1425 849 verba
1455 798 1540 849 illa
1568 801 1719 867 petita
1748 801 1857 848 sint.

412 966 421 970 ..
498 907 542 952 8.
576 891 812 954 Octavum
841 900 1271 971 Argonauticorum
1300 905 1619 970 fragmentum
1649 902 1843 952 datm-us
1875 920 1982 954 sum
2012 919 2066 952 ex
2096 904 2135 952 1.
2167 904 2223 952 R.
2254 904 2452 953 Sinneri

375 977 527 1046 libro,
577 993 660 1056 qui
704 991 985 1040 inscribitur
1034 990 1340 1058 Anecdota
1394 991 1688 1056 quaedam
1737 1002 2029 1055 excerpta
2074 1006 2102 1037 e
2150 989 2448 1057 Catalogo

377 1075 658 1123 codicum
713 1093 835 1123 msS.
870 1064 1337 1124 ‘bibliothecae
1381 1077 1713 1135 Bernensis
1763 1065 1990 1139 (Bernae‚
2039 1091 2097 1123 ex
2142 1075 2218 1123 off.
2260 1089 2451 1142 typogr-

372 1161 544 1212 illustr.
576 1160 793 1226 reipubl.
852 1162 982 1224 1760.
1046 1163 1127 1225 8..)
1200 1162 1257 1208 In
1290 1178 1346 1210 eo
1377 1161 1502 1210 libro
1548 1161 1719 1225 (didici
1752 1161 1844 1209 hoc
1875 1173 2034 1209 autem
2064 1178 2091 1209 e
2124 1161 2185 1209 G.
2218 1160 2448 1210 Seelmdii

380 1245 672 1295 Bibliotheca
698 1247 891 1299 critica,
924 1246 1078 1291 Mens.
1110 1246 1224 1292 Mai.
1262 1248 1392 1309 1829.
1422 1265 1472 1310 p.
1506 1246 1626 1305 2444
1654 1264 1765 1291 nam
1798 1246 1979 1291 librum
2008 1247 2167 1310 ipsum
2197 1261 2447 1311 nunquam

308 1333 316 1341 ”
369 1331 507 1394 vidi),
539 1334 593 1377 in
624 1350 678 1379 eo
710 1333 857 1411 igitur
889 1332 1011 1379 libro
1044 1335 1113 1395 (p.
1145 1333 1280 1387 621.)
1311 1349 1338 1376 e
1371 1332 1535 1377 co'dice
1566 1332 1927 1377 membranaceo
1959 1331 2134 1378 saeculi
2163 1334 2307 1388 noni,
2356 1333 2444 1397 qui

372 1433 572 1465 numero
612 1417 717 1465 336.
750 1417 1005 1480 insignitus
1037 1428 1128 1472 est,
1168 1416 1286 1463 haec
1326 1416 1648 1480 proferuntur.
1720 1415 1984 1462 Audacis
2025 1414 2095 1462 de
2133 1415 2354 1463 Scauri
2395 1431 2445 1463 et

371 1500 628 1552 Palladii
676 1500 858 1554 libris
910 1512 1188 1564 excerpta
1240 1519 1348 1564 per
1394 1502 1956 1564 interrogationem
2002 1514 2057 1549 et
2094 1501 2442 1564 responsio-

371 1603 513 1638 nem.
579 1585 710 1636 Tum
737 1594 926 1653 praeter
957 1583 1072 1637 duas
1103 1585 1359 1648 sententias
1384 1570 1574 1653 ineptas
1607 1598 1654 1636 et
1683 1584 1905 1637 obscuras
1932 1584 2066 1645 haec,
2099 1603 2219 1652 quae
2233 1602 2445 1655 sequnn-

371 1685 466 1732 tur,
499 1672 560 1722 de
591 1672 808 1721 Varrone
849 1670 995 1720 affert.
1076 1671 1265 1721 Varro
1305 1673 1370 1719 in
1406 1672 1780 1765 Argonautis
1820 1670 2127 1737 Nymphas
2170 1671 2441 1722 hexame-

368 1771 516 1807 trum
546 1758 762 1807 iecisse
800 1758 887 1806 sic
926 1757 1201 1822 scripsit.

661 1870 719 1908 Te
743 1880 846 1908 nunc
872 1869 1052 1918 Ortygiae
1076 1875 1275 1908 tenentem
1299 1869 1456 1919 specula
1480 1868 1677 1919 Nymphae

663 1943 830 1981 orantes
855 1955 880 1981 o
904 1942 1062 2011 Phoebe
1086 1948 1163 1979 eti
1150 1942 1190 1979 io
1214 1943 1346 1980 licona
1370 1943 1596 1994 clamarunt.

368 2009 619 2113 Uterque*
632 2032 791 2085 versus
829 2050 999 2103 aperte
1031 2035 1303 2084 mendosus
1345 2049 1426 2083 est.
1515 2037 1660 2085 Initio
1703 2039 2018 2102 posteriorem
2061 2040 2331 2104 suspicabar
2371 2042 2436 2089 ita

367 2122 719 2172 emendandum
750 2139 871 2170 esse·
923 2134 936 2145 ·
1222 2123 1233 2135 ¹

661 2236 850 2283 orantes,
887 2248 911 2296 ,⁰
936 2235 1095 2273 Phoebe
1121 2241 1161 2272 et
1185 2235 1225 2272 io
1259 2235 1441 2279 Letoa,
1481 2233 1740 2271 calu-unt.

363 2330 462 2379 Sed
494 2349 652 2399 quum-
674 2333 705 2379 ¹c
715 2331 771 2379 al
785 2349 845 2379 ar
855 2348 880 2379 e
889 2366 904 2389 ‚
938 2348 1033 2396 quo
1067 2330 1211 2378 verbo
1244 2328 1362 2377 alter
1377 2329 1533 2378 Varro
1564 2346 1674 2377 usus
1708 2341 1790 2387 est,
1824 2329 2024 2377 Atacino
2040 2328 2222 2377 Varoni
2252 2329 2433 2381 nollem

362 2420 606 2477 tribueret·
616 2419 710 2466 hoc
740 2409 948 2467 conieci:

658 2502 840 2579 Ora-ntesJ
864 2543 888 2569 ο
913 2530 1069 2568 Phoebe
1094 2530 1197 2568 etio
1221 2530 1461 2576 Latonia,
1498 2529 1734 2565 clamant.

360 2626 482 2675 Nam
511 2627 769 2675 Dianam
798 2627 887 2675 sub
917 2625 1147 2677 mendosa
1176 2626 1411 2691 scriptura
1446 2622 1572 2672 lico
1586 2638 1656 2669 na
1685 2621 1862 2680 latere,
1903 2617 1999 2688 pro
2027 2635 2154 2671 certo
2184 2624 2429 2688 putabam.

360 2713 521 2771 Quum
551 2712 681 2759 enim
711 2729 873 2788 versus
903 2714 1016 2779 ipsi,
1054 2708 1215 2777 quales
1246 2723 1380 2768 sunt,
1421 2706 1546 2774 apud
1577 2706 1896 2773 Apollonium*
1937 2709 2158 2773 nuspiam
2191 2706 2427 2773 legantur,

361 2810 468 2864 apte
499 2813 577 2847 eos
606 2797 835 2863 putabam
873 2799 1023 2847 inseri
1061 2814 1199 2863 posse
1241 2797 1317 2861 yel
1350 2797 1385 2844 Ι.
1424 2795 1560 2854 1225,
1602 2792 1678 2841 vel
1711 2793 1771 2843 II.
1805 2810 1895 2857 712
1935 2792 2102 2852 (altero
2145 2795 2279 2844 enim
2310 2795 2430 2846 -loco

969 2897 972 2900 .
1760 2881 1835 2936 3*
