2793 3346
1271 147 1339 205 „5

286 306 416 362 enim
448 314 652 362 arbitror
679 311 1014 390 Aristophanis
1044 303 1178 359 niore
1210 312 1379 383 acerbe
1418 308 1527 361 eum
1559 313 1816 392 injectum
1832 311 1930 358 esse
1961 313 2012 358 in
2045 310 2158 359 tales
2191 312 2362 369 νὶιοε);

283 401 384 448 veri
413 399 544 472 baud
559 384 807 462 ᾘῖεείιιιῦσ
838 411 922 454 est,
957 398 1219 445 Varronem
1237 415 1292 445 eo
1325 411 1539 464 tempore
1570 389 1663 444 vita
1678 400 1773 444 iam
1791 397 2057 461 decessisse.
2125 399 2365 456 Quoniam

286 499 444 533 autem
486 484 614 531 illud
658 501 870 532 carmen·
882 484 1104 532 Horatius
1136 485 1240 531 sine
1287 483 1430 531 dubio
1469 483 1873 549 duodetrigesimo
1916 485 2078 530 aetatis
2109 501 2234 532 anno
2265 485 2364 531 sive

285 571 526 635 trigesimo
557 571 760 636 septimo
792 581 901 616 ante
934 569 1193 617 Christum
1205 570 1425 638 scripsit
1446 573 1508 632 (v.
1541 565 1882 616 Bentl.P1-aef.
1926 567 1988 614 ad
2021 568 2187 616 Horat.
2195 586 2267 636 p.
2300 564 2360 614 Χ.

285 662 398 722 sq.);
418 656 618 713 Varro,
650 657 691 703 si
721 667 850 702 recte
882 666 1233 719 computamus,
1279 654 1695 719 quadragesimum
1734 656 1958 720 quintum
1989 655 2151 702 aetatis
2182 672 2362 702 annum

203 793 216 800 χ
283 751 382 804 ιιοιι
413 741 665 808 superavit.
731 738 873 801 Quod
902 753 1244 806 vermpropter
1276 740 1418 788 verba
1452 741 1637 789 Horatii
1672 721 1937 790 Varronem
1969 752 2072 788 tum
2103 741 2202 788 iam
2233 756 2361 788 mor·

282 839 417 876 tuum
448 827 595 877 fuisse
623 828 776 885 statui,
809 825 862 874 id
892 842 992 875 non
1025 829 1090 875 ita
1109 839 1283 875 temere
1313 818 1488 875 factum
1522 839 1605 875 est.
1667 823 1787 874 Nam
1808 828 1923 878 Dec.
1938 804 2183 884 fiaberius,
2215 843 2361 892 quem

283 912 450 963 eodem
482 906 694 962 carmine
724 918 783 972 (v.
815 912 883 977 6.)
915 911 1239 978 reprehendit,
1272 925 1475 960 mortem
1496 925 1599 959 tum
1620 913 1815 961 obierat.
1880 914 2201 978 Hieronymus
2234 913 2361 958 enim

283 1001 346 1047 ad
377 999 458 1047 Ol.
492 999 807 1062 CLXXXIV,
841 1017 882 1046 ιι.
916 1000 1132 1046 annotat:
1167 999 1473 1055 Laberius,
1506 1001 1827 1046 mimorum
1860 1000 2156 1063 scriptor,
2199 997 2387 1044 deci>-⁴

281 1086 598 1133 mo'mense
627 1098 765 1149 post
797 1085 851 1133 C.
887 1084 1038 1131 Iulii
1081 1085 1356 1131 Caesaris
1397 1087 1721 1131 interitum
1765 1083 2042 1132 Puteolis
2091 1086 2357 1132 moritur.

283 1170 525 1230 Quinimo,
557 1187 679 1234 quos
711 1168 906 1235 oblique
933 1170 1106 1237 pungit
1138 1169 1394 1232 Horatius,
1408 1168 1620 1216 Catullus
1653 1186 1752 1217 non
1785 1171 1966 1227 minus,
2009 1188 2152 1235 quam
2185 1168 2359 1217 Calvus

281 1259 343 1318 (v.
379 1254 536 1303 Cicer.
568 1256 701 1303 Br'ut.
734 1272 774 1302 c.
809 1257 903 1313 81.)
934 1267 1035 1301 tum
1067 1253 1194 1299 haud
1227 1252 1375 1301 dubie
1415 1267 1650 1343 mortuus
1665 1267 1779 1301 erat.
1844 1255 1929 1302 His
1961 1254 2085 1309 aflo
2118 1256 2360 1303 coniectu-

279 1355 407 1400 ram,
448 1356 571 1407 quae
600 1341 642 1387 si
675 1341 871 1406 probari
902 1351 1062 1404 posset
1092 1338 1413 1403 argumentis,
1455 1323 1611 1388 omnis
1641 1356 1796 1405 paene
1828 1338 2062 1390 dubitatio
2096 1340 2357 1389 tolleretur.

251 1406 559 1492 ¹Perstringit
605 1427 735 1474 enim
777 1426 999 1498 Horatius
1047 1425 1098 1471 in
1140 1422 1308 1473 eodem
1349 1425 1559 1472 carmine
1602 1427 1665 1489 (v.
1709 1426 1809 1490 36.)
1849 1412 2085 1494 Alpinum
2116 1426 2359 1493 quendam.

279 1514 353 1561 his
385 1512 571 1561 verbis·

575 1627 765 1677 Tur-gidus
790 1628 951 1678 Alpinus
977 1629 1122 1677 iugulat
1148 1628 1243 1666 dum<
1264 1629 1473 1667 Memnona
1498 1629 1666 1680 dumque

571 1700 738 1750 Defingit
761 1700 881 1738 Rheni
906 1703 1053 1739 luteum
1080 1704 1209 1751 caput,
1235 1701 1331 1739 haec
1356 1714 1427 1750 ego
1452 1703 1549 1740 ludo
1576 1727 1586 1738 .
1615 1728 1625 1738 .
1653 1729 1664 1739 .

276 1786 515 1837 Bentleius
546 1790 634 1836 sub
665 1788 834 1854 Alpini
865 1806 1068 1855 persona
1102 1791 1171 1838 Μ.
1203 1791 1402 1837 Furium
1430 1789 1712 1852 Bibaculum
1743 1792 1899 1839 notari
1931 1791 2186 1851 existimat:
2214 1768 2353 1841 cuius

276 1891 453 1922 nomen
486 1892 543 1921 ex
575 1874 631 1922 H.
665 1876 868 1922 Acronis
899 1874 1080 1941 scholio¹
1108 1888 1237 1924 recte
1270 1858 1573 1941 eisculpsisse
1604 1876 1721 1922 mihi
1763 1875 1959 1942 quidem
1989 1878 2192 1926 videtur.
2253 1877 2356 1942 Nec

277 1959 438 2016 video,
463 1962 547 2023 qui
579 1959 855 2008 scholiastae
886 1964 1142 2009 auctoritas
1174 1964 1297 2010 iusto
1331 1958 1530 2026 infringi
1560 1965 1730 2026 possit:
1773 1982 1886 2010 nam
1918 1965 2053 2028 quod
2083 1964 2144 2011 de
2173 1963 2354 2029 Alpino

278 2047 373 2092 sive
403 2042 626 2092 Cornelio
659 2045 840 2110 Alpino
873 2058 920 2093 et
953 2047 1111 2094 Acron
1146 2059 1194 2115 et
1211 2047 1514 2111 Porphyrion
1547 2045 1744 2104 addunt,
1777 2048 1868 2096 hoc
1901 2062 2225 2097 commentum
2251 2067 2355 2106 ,esse

275 2128 710 2196 puto„(v.Bentleii
738 2130 982 2196 praeclara
1013 2143 1173 2179 annot
1207 2131 1266 2179 cf.
1301 2131 1554 2191 Heindorf„
1582 2131 1642 2179 ad
1674 2130 1705 2179 l.
1740 2152 1778 2180 c.
1816 2133 1873 2182 G.
1909 2136 1943 2181 1.
1979 2136 2110 2184 Voss.
2146 2135 2352 2182 dePoet.

274 2193 471 2349 [ιιι-’ἒ
504 2217 555 2266 3ι
595 2221 698 2282 sq..)
771 2217 987 2266 Omnino
1021 2230 1194 2273 autem
1230 2206 1587 2267 scholiastarum
1635 2219 1709 2266 his
1751 2222 1802 2266 in
1850 2221 1991 2268 rebus
2024 2222 2350 2268 auctoritatem

274 2305 380 2350 iure
454 2301 634 2351 efendit
663 2303 734 2350 vir
772 2302 1093 2362 doctissimus,
1139 2304 1308 2352 acerbo
1341 2305 1507 2352 funere
1546 2304 1687 2354 bonis
1727 2294 1898 2354 litteris
1944 2325 2101 2373 nuper
2143 2321 2348 2371 ereptus,

276 2387 527 2454 Philippus
557 2389 871 2438 Buttmannus
902 2395 962 2449 (v.
996 2389 1263 2439 Comment.
1298 2389 1358 2438 tle
1385 2389 1524 2456 dilog.
1560 2392 1720 2440 Horat.
1750 2410 1796 2457 Ρ.
1834 2395 1956 2450 330„
1996 2412 2121 2460 quae
2153 2395 2350 2442 subiun-

277 2487 349 2521 cta
384 2487 453 2521 est
484 2466 586 2523 eius
628 2475 683 2523 M
694 2476 1002 2542 ythologo.
1043 2477 1197 2524 Berol.
1231 2477 1598 2545 apud-Mylium
1638 2481 1798 2536 1828).
1871 2481 2031 2546 Atque
2071 2499 2132 2527 ne
2172 2482 2345 2527 mirum

276 2559 361 2607 tibi
376 2559 611 2631 „videatur
643 2562 708 2618 M.
742 2563 946 2609 Furium
975 2561 1471 2632 simplicitendiclum
1503 2573 1602 2610 esse
1635 2583 1661 2610 a
1694 2561 1943 2633 scholias'ta
1979 2566 2344 2620 Bibaculum‚

274 2644 593 2694 animadverto
626 2647 716 2696 hoc
755 2649 957 2719 saepius
980 2648 1093 2696 fieri
1124 2648 1203 2709 (cf.
1249 2648 1651 2717 Diomed.1nstit.
1696 2648 1911 2700 Gramm.
1952 2654 1983 2699 1.
2034 2653 2117 2699 111.
2159 2644 2207 2718 Ρ.
2239 2653 2345 2729 Q*

275 2733 461 2780 Charis.
490 2731 523 2779 l.
559 2733 595 2778 Ι.
627 2730 675 2796 Ρ.
716 2750 814 2783 102·
857 2735 1089 2800 Futsch.).
1154 2737 1400 2791 Praeterea
1431 2737 1536 2802 ipsa
1573 2740 1915 2804 propositionis
1944 2740 2099 2786 forma
2129 2739 2238 2789 satis
2270 2741 2346 2785 in-

274 2818 412 2880 dicat,
442 2810 707 2885 Alpinum
693 2832 850 2868 istum
867 2838 929 2904 eo
956 2840 1106 2889 usque
1138 2824 1318 2871 vixisse.
1382 2823 1562 2870 Furius
1575 2825 1847 2875 Bibaculus
1860 2839 2031 2884 autem,
2071 2827 2111 2873 si
2131 2826 2193 2872 ad
2224 2826 2349 2874 illud
