2793 3346
1355 173 1401 237 '4

338 334 669 414 depromis-⁴30,
701 345 854 409 possis
886 360 998 391 sane
1028 341 1270 401 dubitare,
1305 356 1465 391 utrum
1497 352 1662 391 verum
1692 346 1779 402 sit,
1811 338 2014 411 propter
2044 361 2233 411 gravem
2264 344 2337 393 his
2369 345 2420 400 in

335 430 479 478 rebus
510 430 844 477 auctoritatem
862 428 1094 478 Suetonii.
1161 430 1268 487 Quo
1300 430 1452 495 possis
1477 427 1670 485 addere,
1704 428 1838 495 quod
1867 419 1967 477 non
1997 430 2136 478 facile
2167 432 2421 496 quisquam

335 514 456 563 alius
487 513 623 580 apud
640 516 834 563 Latinos
866 533 893 561 a
924 515 1122 561 flumine
1154 531 1422 577 cognomen
1452 516 1701 562 invenerit.
1767 514 1864 561 Sed
1894 514 2046 563 fateor
2076 529 2232 563 tamen
2264 517 2419 562 vicum

332 602 533 648 Atacem
575 598 695 646 mihi
736 598 889 646 videri
929 590 1313 646 commentitium
1356 616 1530 664 meque
1561 612 1765 648 statuere
1797 598 1939 646 malle
1974 601 2345 664 Hieronymum,
2378 602 2418 647 si

334 675 493 751 cetera
521 670 684 733 revera
716 701 744 730 a
775 683 1008 745 Suetonio
1042 682 1285 742 didicerit,
1319 685 1419 736 eius
1451 686 1745 733 mentionem
1776 684 1837 732 de
1868 675 1953 733 suo
1985 684 2221 732 addidisse
2251 684 2313 731 ad
2343 702 2418 732 ex-

330 753 619 838 plicandum
651 786 832 822 nmen
863 770 1082 818 Atacini:
1116 769 1208 818 hoc
1241 770 1377 817 enim
1403 767 1581 818 millies
1609 761 1778 818 fecisse
1810 772 2157 836 conscriptores
2188 772 2433 837 posterior

331 858 401 905 ris
433 856 594 905 aetatis
626 852 798 905 notum
829 868 912 903 est.
978 855 1144 922 Itaque
1177 853 1238 903 de
1269 854 1392 913 loco,
1426 835 1520 921 quo
1552 867 1690 904 natus
1721 856 1781 904 sit
1810 855 1981 914 Varro,
2007 853 2153 905 aliam
2182 855 2274 905 feci
2305 838 2437 906 con--

332 944 581 991 iecturam.
645 942 840 989 Etenim
872 958 1025 1007 quum
1064 954 1263 1007 propter
1303 943 1501 989 nomina
1534 942 1654 998 eius,
1702 942 1797 989 nisi
1829 953 2007 989 temere
2037 943 2270 1007 suspicari
2303 940 2417 1015 yelis

332 1045 523 1076 servum
556 1045 667 1074 eum
698 1027 866 1084 fuisse,
915 1045 1222 1092 nequaquam
1254 1026 1572 1074 dubitandum
1613 1045 1711 1075 esse
1743 1028 1985 1091 videatur,
2030 1029 2152 1093 quin
2195 1040 2415 1091 parentes

331 1115 432 1162 eius
464 1115 587 1162 cives
617 1113 822 1161 Romani
853 1112 1035 1160 fuerint
1064 1114 1116 1159 in
1151 1111 1307 1160 Gallia
1338 1114 1574 1170 viventeS,
1614 1130 1712 1160 non
1753 1111 1874 1160 male
1906 1114 2166 1168 coniecisse
2198 1114 2313 1160 mihi
2347 1116 2416 1161 vi-

331 1198 452 1247 deor
482 1215 595 1246 eum
625 1209 793 1245 natum
837 1214 936 1245 esse
975 1197 1215 1247 Narbone.
1290 1199 1362 1250 Ita
1401 1199 1532 1244 enim
1575 1209 1622 1245 et
1661 1200 1848 1264 generis
1881 1199 1979 1245 eins
2017 1200 2137 1246 ratio
2171 1212 2238 1256 et,
2289 1198 2415 1245 unde

331 1300 599 1349 cognomen
625 1263 824 1330 Atacini
856 1282 1056 1349 adeptus
1085 1284 1164 1341 sit,
1197 1284 1380 1347 optime
1413 1283 1693 1349 explicatur.
1757 1286 2048 1331 Antestat
2085 1301 2309 1339 omnes,
2343 1285 2417 1329 in-

327 1370 436 1437 quit
465 1370 519 1416 P.
554 1368 689 1416 Mela
722 1368 776 1431 (l.
793 1351 873 1421 11.
902 1385 946 1415 c.
981 1370 1063 1428 5.),
1102 1374 1468 1414 Atacznorum
1517 1367 2096 1438 decimanonumque
2150 1369 2414 1425 colonia,

327 1455 493 1502 unde
533 1454 676 1503 olim
715 1454 808 1500 his
847 1455 1037 1500 terris
1078 1451 1372 1499 auxilium
1409 1449 1556 1509 suit,
1603 1470 1765 1500 nunc
1798 1466 1852 1500 et
1884 1470 2108 1500 nomen
2143 1467 2201 1500 et
2232 1454 2411 1501 decus

328 1553 433 1598 est,
488 1541 739 1588 Martius
786 1539 998 1586 Narbo.
1082 1539 1300 1598 Quocum
1350 1537 1621 1586 conferatur
1662 1537 1908 1586 Ciceronis
1939 1538 2087 1598 locus,
2137 1543 2220 1605 qui
2262 1554 2331 1588 est
2364 1544 2415 1586 in·

327 1625 559 1675 oratione‘
576 1642 668 1691 pro
695 1625 764 1671 M.
797 1625 998 1671 Fonteio
1030 1630 1089 1682 (c.
1130 1640 1168 1671 ι.
1200 1625 1243 1687 5.
1277 1626 1365 1682 3.);
1400 1624 1502 1670 Est
1535 1625 1594 1689 in
1629 1623 1830 1670 eadem
1861 1626 2183 1687 provincia
2216 1625 2412 1673 Narbo

328 1699 606 1770 Martius,
638 1710 892 1758 colonia
923 1707 1235 1757 no'strorum
1266 1705 1488 1762 civium]
1527 1707 1779 1776 specula
1807 1710 2036 1775 populi
2065 1710 2317 1758 Romani
2350 1729 2413 1759 ac

325 1794 851 1864 propugnaculum
881 1796 1025 1843 istis
1058 1797 1209 1860 ipsis
1241 1794 1595 1843 nationibus
1627 1793 1974 1860 oppositum
2007 1808 2066 1842 et
2096 1796 2411 1844 obiectum.

328 1885 601 1933 Constituta
635 1894 705 1929 est
735 1894 895 1934 autem
926 1879 1008 1928 illa
1040 1879 1226 1930 colonia
1243 1880 1323 1928 01.
1344 1880 1585 1928 CLXVII.
1616 1885 1675 1939 (v.
1705 1881 1933 1930 Chronic.
1965 1881 2178 1943 Euseb.),
2212 1895 2264 1930 ut
2295 1872 2415 1930 aeri-

236 1982 249 2004 ‘
319 1969 482 2019 'simile
514 1969 575 2017 sit
606 1969 733 2034 ipsos
764 1979 986 2033 parentes
1019 1967 1071 2014 P.
1092 1967 1337 2015 Varronis
1365 1966 1541 2014 Romae
1573 1979 1706 2015 natos
1739 1984 1849 2015 esse.
1916 1967 2143 2015 Ceterum
2174 1966 2287 2015 licet
2317 1968 2413 2016 ior-
2473 2031 2482 2036 ἡ

328 2070 447 2103 tasse
477 2056 530 2101 in
562 2042 718 2099 meam
750 2053 1031 2100 sententiam
1063 2053 1167 2119 ipsa
1183 2052 1529 2117 Porphyrionis
1561 2052 1701 2099 velba
1735 2053 1787 2113 (l‘.
1822 2056 1885 2114 c.)
1918 2054 2234 2118 inter-pretati-
2301 2054 2412 2101 Ser·

324 2155 553 2190 monem
595 2150 823 2196 autem,
868 2138 1051 2203 inquit,
1094 2136 1326 2184 frustra
1357 2148 1627 2184 tentasse
1658 2139 1750 2194 (ait
1782 2139 2025 2202 Horatius)
2058 2139 2412 2186 Terentium

323 2210 663 2276 Varronem
702 2227 1148 2293 Narbonensem,
1195 2224 1296 2290 qui
1329 2223 1724 2270 Atacinus‘ab
1756 2224 1941 2273 Atace
1982 2210 2409 2315 fluvioffictus

326 2331 385 2360 es
399 2326 431 2360 t.
497 2314 595 2358 Iam
631 2327 740 2357 vero
773 2308 896 2357 nihil
929 2308 1059 2356 aliud
1091 2310 1151 2356 de
1182 2311 1277 2358 vita
1307 2310 1538 2365 Varronis
1571 2309 1629 2355 ab
1662 2311 1873 2375 antiquis
1906 2309 2134 2358 traditum
2167 2296 2248 2357 est.
2312 2311 2410 2358 Sed

287 2401 296 2413 ”
326 2415 424 2466 quo
456 2400 553 2445 lere
587 2411 802 2463 tempore
835 2408 1051 2443 mortuus
1082 2398 1158 2454 sit,
1193 2413 1250 2443 ex
1283 2393 1532 2460 eosquem
1551 2394 1863 2454 laudavimus,
1895 2395 2000 2445 loco
2019 2395 2202 2443 Horatii
2236 2395 2405 2460 (Serm.

325 2487 362 2532 1.
405 2501 473 2532 10.
507 2485 600 2544 46.)
632 2484 828 2555 sortasse
861 2480 1084 2547 colligere
1114 2482 1239 2538 licet.
1306 2485 1349 2529 ls
1383 2485 1514 2529 enim
1544 2481 1660 2528 hacc
1692 2483 1880 2529 scribit:

602 2569 708 2609 'Hoc
734 2579 815 2609 erat
841 2577 1003 2621 experto
1029 2571 1169 2610 frustra
1194 2560 1371 2609 Varrone
1398 2571 1562 2608 Atacino

623 2641 751 2689 Atque
778 2639 1010 2688 quibusdam
1033 2640 1132 2687 aliis,
1162 2639 1433 2689 meliusyquod
1459 2639 1628 2677 scribere
1653 2652 1827 2689 possem,

619 2700 827 2747 Inventore
853 2708 993 2744 minor.

2160 2565 2181 2575 1

323 2685 343 2702 b

323 2797 486 2856 Quum
533 2793 666 2840 enim
715 2791 928 2839 alienum
977 2807 1077 2838 esse
1124 2791 1342 2840 videatur
1390 2791 1449 2838 ab
1498 2791 1788 2840 humanitate
1839 2774 2045 2852 Hor‘atii,
2103 2791 2245 2857 tal-em
2292 2808 2408 2861 poe-

320 2895 445 2941 tam,
494 2879 650 2948 qualis
688 2868 836 2926 Varro
872 2891 993 2937 erat,
1042 2879 1108 2926 ita
1138 2890 1331 2936 notare,
1363 2879 1403 2925 si
1437 2879 1487 2924 iu
1522 2879 1635 2926 vivis
1668 2877 1749 2926 ille
1783 2880 1924 2927 etiam
1956 2892 2058 2928 tum
2091 2878 2255 2927 fuisset
2286 2880 2405 2944 (non
